@inproceedings{BayerG12,
 author = {Bayer, Stephanie and Groth, Jens},
 title = {Efficient Zero-knowledge Argument for Correctness of a Shuffle},
 booktitle = {Proceedings of the 31st Annual International Conference on Theory and Applications of Cryptographic Techniques},
 series = {EUROCRYPT'12},
 year = {2012},
 isbn = {978-3-642-29010-7},
 location = {Cambridge, UK},
 pages = {263--280},
 numpages = {18},
 url = {http://dx.doi.org/10.1007/978-3-642-29011-4_17},
 doi = {10.1007/978-3-642-29011-4_17},
 acmid = {2260873},
 publisher = {Springer-Verlag},
 address = {Berlin, Heidelberg},
 keywords = {ElGamal encryption, anonymous broadcast, mix-net, shuffle, voting, zero-knowledge},
} 

@inproceedings{Groth04,
 author = {Groth, Jens},
 title = {Honest verifier zero-knowledge arguments applied},
 booktitle = {Dissertation Series DS-04-3},
 series = {BRICKS},
 year = {2004},
 pages = {12--119},
 numpages = {107}
} 

@inproceedings{GarayMY03,
 author = {Garay, Juan A. and MacKenzie, Philip and Yang, Ke},
 title = {Strengthening Zero-knowledge Protocols Using Signatures},
 booktitle = {Proceedings of the 22Nd International Conference on Theory and Applications of Cryptographic Techniques},
 series = {EUROCRYPT'03},
 year = {2003},
 isbn = {3-540-14039-5},
 location = {Warsaw, Poland},
 pages = {177--194},
 numpages = {18},
 url = {http://dl.acm.org/citation.cfm?id=1766171.1766186},
 acmid = {1766186},
 publisher = {Springer-Verlag},
 address = {Berlin, Heidelberg},
} 

@INPROCEEDINGS{GrothI08,
    author = {Jens Groth and Yuval Ishai},
    title = {Sub-linear zero-knowledge argument for correctness of a shuffle},
    booktitle = {Proceedings of EUROCRYPT 2008, LNCS 4965},
    year = {2008},
    pages = {379--396}
}

@inproceedings{Lindell01,
 author = {Lindell, Yehuda},
 title = {Parallel Coin-Tossing and Constant-Round Secure Two-Party Computation},
 booktitle = {Proceedings of the 21st Annual International Cryptology Conference on Advances in Cryptology},
 series = {CRYPTO '01},
 year = {2001},
 isbn = {3-540-42456-3},
 pages = {171--189},
 numpages = {19},
 url = {http://dl.acm.org/citation.cfm?id=646766.704150},
 acmid = {704150},
 publisher = {Springer-Verlag},
 address = {London, UK, UK},
} 

@incollection{Pedersen92,
year={1992},
isbn={978-3-540-55188-1},
booktitle={Advances in Cryptology — CRYPTO ’91},
volume={576},
series={Lecture Notes in Computer Science},
editor={Feigenbaum, Joan},
doi={10.1007/3-540-46766-1_9},
title={Non-Interactive and Information-Theoretic Secure Verifiable Secret Sharing},
url={http://dx.doi.org/10.1007/3-540-46766-1_9},
publisher={Springer Berlin Heidelberg},
author={Pedersen, TorbenPryds},
pages={129-140},
language={English}
}

@article{Toom63,
author = {A. L. Toom},
title = {{The complexity of a scheme of functional elements realizing the multiplication of integers}},
year = {1963},
}